@article{Heemels2015,
author = {Heemels, Maurice and Schutter, Bart De},
file = {:C$\backslash$:/Users/s157973/OneDrive - TU Eindhoven/Uni/jaar 4/Kwartiel 4/4CM20 - Hybrid systems and control/lecture{\_}notes{\_}2015{\_}hsc.pdf:pdf},
number = {November},
title = {{Hybrid Systems and Control}},
year = {2015}
}
